@book{mac2013categories,
  title={Categories for the working mathematician},
  author={Mac Lane, Saunders},
  volume={5},
  year={2013},
  publisher={Springer Science \& Business Media}
}

@book{milewski2018category,
  title={Category theory for programmers},
  author={Milewski, Bartosz},
  year={2018},
  publisher={Blurb}
}

@article{barr1985toposes,
  title={Toposes, triples and theories},
  author={Barr, Michael},
  journal={Grundlehren der mathematischen Wissenschaften},
  volume={278},
  year={1985},
  publisher={Springer-Verlag}
}

@article{yonedaLife,
title={Prof. Nobuo Yoneda passed away},
author={Kinoshita Yoshiki},
url={https://www.mta.ca/~cat-dist/catlist/1999/yoneda},
year={1996}
}

@book{riehl2017category,
  title={Category theory in context},
  author={Riehl, Emily},
  year={2017},
  publisher={Courier Dover Publications}
}

@MISC{stack-composition-natural,
    TITLE = {Using Tikz-cd  to Illustrate Composition of Natural Transformations},
    AUTHOR = {Sigur},
    HOWPUBLISHED = {Computer Science Stack Overflow},
    url = {https://tex.stackexchange.com/questions/505322/using-tikz-cd-to-path-to-illustrate-composition-of-natural-transformations (version: 2021-02-05)},
}
